<?xml version="1.0" encoding="UTF-8"?><collection xmlns="http://www.loc.gov/MARC21/slim"><record><leader>00451nam--2200145-i-4500</leader><controlfield tag="001">000018998</controlfield><controlfield tag="002">20161230</controlfield><controlfield tag="005">20161230201033</controlfield><controlfield tag="008">060222s1000------------r-----000-0-eng-d</controlfield><datafield ind1=" " ind2=" " tag="080"><subfield code="a">025.4</subfield></datafield><datafield ind1=" " ind2=" " tag="100"><subfield code="a">Dubuc, Rene</subfield></datafield><datafield ind1=" " ind2=" " tag="245"><subfield code="a">La classification decimale universselle (c.d.u.) manuel pratique d utilisation. nouvelle edition revue et augmentee</subfield></datafield><datafield ind1=" " ind2=" " tag="260"><subfield code="a">Paris, Gauthier-villars, 1965. 210 P</subfield></datafield><datafield ind1=" " ind2=" " tag="490"><subfield code="a">Documentation Et Information</subfield></datafield><datafield ind1=" " ind2=" " tag="852"><subfield code="a">27260</subfield></datafield></record></collection>